@article{ionescu2021lampricide,
  title={The lampricide 3-trifluoromethyl-4-nitrophenol causes temporary metabolic disturbances in juvenile lake sturgeon (Acipenser fulvescens): implications for sea lamprey control and fish conservation},
  author={Ionescu, R Adrian and Hepditch, Scott LJ and Wilkie, Michael P},
  journal={Conservation Physiology},
  volume={9},
  number={1},
  pages={coab069},
  year={2021},
  publisher={Oxford University Press}
}

@article{DangGuanchao2022,
  title={The problem of lamprey invasion in the Great Lakes of North America and its management},
  author={Dang Guanchao},
  journal={Rural Science Experiment},
  number={9},
  pages={199-201},
  year={2022}
}

@article{WangDefen2012,
  title={Fisheries Conservation in the Great Lakes of North America - Sea Lamprey Invasion and Control in the Great Lakes of North America},
  author={Wang Defen},
  journal={China aquatic products},
  number={10},
  pages={3},
  year={2012}
}

@article{JOHNSON2021S492,
  title={A case study of sea lamprey (Petromyzon marinus) control and ecology in a microcosm of the Great Lakes},
  author={Johnson, Nicholas S and Jubar, Aaron K and Keffer, David A and Hrodey, Peter J and Bravener, Gale A and Freitas, Lauren E and McCarter, Jesse T and Siefkes, Michael J},
  journal={Journal of Great Lakes Research},
  volume={47},
  pages={S492--S505},
  year={2021},
  publisher={Elsevier}
}

@article{sex determination of lamprey,
  title={Field study suggests that sex determination in sea lamprey is directly influenced by larval growth rate},
  author={Nicholas S. Johnson, William D. Swink, Travis O. Brenden},
  journal={Proceedings of the Royal Society B: Biological Sciences},
  year={2017}
}

@article{Ebert,
title={The Effect of Parasites on Host Population Density and Extinction: Experimental Epidemiology with Daphnia and Six Microparasites},
author={Ebert, Dieter;Lipsitch, Marc;Mangin, Katrina L.},
journal={The American Naturalist},
issue={No.5},
pages={459-477},
year={2000},
}